<record><leader>00000cas a22000007a 4500</leader><controlfield tag="001">11794673</controlfield><controlfield tag="008">850312c18929999iauwr ne      0    0eng d</controlfield><datafield ind1=" " ind2=" " tag="010"><subfield code="a">sn 85050754 </subfield></datafield><datafield ind1=" " ind2=" " tag="040"><subfield code="a">INP</subfield><subfield code="b">eng</subfield><subfield code="c">INP</subfield><subfield code="d">OCL</subfield><subfield code="d">OCLCQ</subfield></datafield><datafield ind1=" " ind2=" " tag="042"><subfield code="a">msc</subfield></datafield><datafield ind1="0" ind2=" " tag="130"><subfield code="a">Story City herald (Story City, Iowa : 1892)</subfield></datafield><datafield ind1="1" ind2="4" tag="245"><subfield code="a">The Story City herald.</subfield></datafield><datafield ind1=" " ind2=" " tag="260"><subfield code="a">Story City, Iowa :</subfield><subfield code="b">W.A. Kelley</subfield></datafield><datafield ind1=" " ind2=" " tag="300"><subfield code="a">v. :</subfield><subfield code="b">ill. ;</subfield><subfield code="c">54-56 cm.</subfield></datafield><datafield ind1=" " ind2=" " tag="310"><subfield code="a">Weekly</subfield></datafield><datafield ind1="1" ind2=" " tag="362"><subfield code="a">Began in 1892.</subfield><subfield code="z">Cf. Apr. 19, 1895, issue.</subfield></datafield><datafield ind1=" " ind2=" " tag="500"><subfield code="a">Special issues include: "First annual convention of the Iowa District Young People's Luther League and Choral Union," issued Aug. 14, 1919; "Silver anniversary edition" commemorating Paul Olson's 25 years as publisher, issued Oct. 2, 1930; "Anniversary number" commemorating Paul Olson's 30 years as publisher and covering local events of the previous 30 years, issued Oct. 3, 1935; Story City's centennial edition, issued June 23, 1955; "Story City's progress edition," issued Oct. 29, 1975, and "Story City Herald 100th anniversary edition," issued Oct. 28, 1981.</subfield></datafield><datafield ind1=" " ind2=" " tag="500"><subfield code="a">Publishers: Jas. B. Hedge, Aug. 13, 1897-&lt;May 5, 1899&gt;, A.K. Grafton, &lt;Jan. 11, 1901&gt;-Mar. 14, 1902; Grafton Bros., Mar. 21, 1902-Sept. 28, 1905; Paul A. Olson, Oct. 5, 1905-Dec. 30, 1937; Paul A. Olson and Sons, Jan. 6, 1938-June 7, 1945; Paul A. Olson and Son, June 14, 1945-1954; Arthur E. Olson, 1954-1966; Marvin and Adeline Brown, 1966-Feb. 1973; Richard J. and Eloise Thorson, Feb. 1973-Sept, 1975; Eloise Thorson, Sept. 1975-</subfield></datafield><datafield ind1=" " ind2=" " tag="500"><subfield code="a">Issues for Oct. 3-10, 1935, published in tabloid form measuring 38 cm.</subfield></datafield><datafield ind1=" " ind2=" " tag="500"><subfield code="a">Editors: W.A. Kelley, 1892-July 30, 1897; Jas. B. Hedge, Aug. 6, 1897-&lt;May 5, 1899&gt;; Paul A. Olson, &lt;Jan. 5, 1933-Dec. 30, 1937&gt;.</subfield></datafield><datafield ind1=" " ind2=" " tag="515"><subfield code="a">Sixtieth year, no. 22 (June 1, 1950) lacks numbering within the volume.</subfield></datafield><datafield ind1=" " ind2=" " tag="525"><subfield code="a">Special supplements include: "Anniversary number; a quintuplet celebration," issued Oct. 24, 1940, and "Panorama of forty three years as country editor," issued Apr. 8, 1948.</subfield></datafield><datafield ind1=" " ind2=" " tag="588"><subfield code="a">Description based on: Vol. 4, no. 2 (Apr. 19, 1895).</subfield></datafield><datafield ind1=" " ind2=" " tag="752"><subfield code="a">United States</subfield><subfield code="b">Iowa</subfield><subfield code="c">Story</subfield><subfield code="d">Story City.</subfield></datafield><datafield ind1="0" ind2="0" tag="780"><subfield code="t">Story City news</subfield><subfield code="w">(DLC)sn 85050810</subfield><subfield code="w">(OCoLC)12102649</subfield></datafield><datafield ind1="0" ind2="5" tag="780"><subfield code="t">Roland record (Roland, Iowa : 1898)</subfield><subfield code="w">(DLC)sn 85050753</subfield><subfield code="g">Dec. 31, 1975</subfield></datafield><datafield ind1="1" ind2=" " tag="029"><subfield code="a">AU@</subfield><subfield code="b">000025786634</subfield></datafield></record>